<?xml version="1.0" encoding="UTF-8"?><collection xmlns="http://www.loc.gov/MARC21/slim"><record><leader>00363nam--2200133-i-4500</leader><controlfield tag="001">000021055</controlfield><controlfield tag="002">20161230</controlfield><controlfield tag="005">20161230201034</controlfield><controlfield tag="008">060222s1000------------r-----000-0-eng-d</controlfield><datafield ind1=" " ind2=" " tag="080"><subfield code="a">536.5</subfield></datafield><datafield ind1=" " ind2=" " tag="100"><subfield code="a">Griffiths, Ezer</subfield></datafield><datafield ind1=" " ind2=" " tag="245"><subfield code="a">Methods of measuring temperature. third edition</subfield></datafield><datafield ind1=" " ind2=" " tag="260"><subfield code="a">London, Charles Griffin &amp; Company Limited, 1947. X + 223p</subfield></datafield><datafield ind1=" " ind2=" " tag="852"><subfield code="a">10093</subfield></datafield></record></collection>